@ARTICLE{BMF, crossref = {meeds2006modeling} }
@inproceedings{meeds2006modeling,
  title={Modeling dyadic data with binary latent factors},
  author={Meeds, Edward and Ghahramani, Zoubin and Neal, Radford M and Roweis, Sam T},
  booktitle={Advances in neural information processing systems},
  pages={977--984},
  year={2006}
}

@ARTICLE{ILFRM, crossref = {miller2009nonparametric} }
@inproceedings{miller2009nonparametric,
  title={Nonparametric latent feature models for link prediction},
  author={Miller, Kurt and Jordan, Michael I and Griffiths, Thomas L},
  booktitle={Advances in neural information processing systems},
  pages={1276--1284},
  year={2009}
}

@ARTICLE{IBP, crossref = {griffiths2011indian} }
@article{griffiths2011indian,
  title={The indian buffet process: An introduction and review},
  author={Griffiths, Thomas L and Ghahramani, Zoubin},
  journal={The Journal of Machine Learning Research},
  volume={12},
  pages={1185--1224},
  year={2011},
  publisher={JMLR. org}
}

@inproceedings{gorur06,
  title={A choice model with infinitely many latent features},
  author={G{\"o}r{\"u}r, Dilan and J{\"a}kel, Frank and Rasmussen, Carl Edward},
  booktitle={Proceedings of the 23rd international conference on Machine learning},
  pages={361--368},
  year={2006},
  organization={ACM}
}

@inproceedings{lahiri2007structure,
  title={Structure prediction in temporal networks using frequent subgraphs},
  author={Lahiri, Mayank and Berger-Wolf, Tanya Y},
  booktitle={Computational Intelligence and Data Mining, 2007. CIDM 2007. IEEE Symposium on},
  pages={35--42},
  year={2007},
  organization={IEEE}
}
@article{jordan2010bayesian,
    title={Bayesian nonparametric learning: Expressive priors for intelligent systems},
    author={Jordan, Michael I},
    journal={Heuristics, Probability and Causality: A Tribute to Judea Pearl},
    volume={11},
    pages={167--185},
    year={2010},
    publisher={College Publications}
}
@article{escobar1995bayesian,
  title={Bayesian density estimation and inference using mixtures},
  author={Escobar, Michael D and West, Mike},
  journal={Journal of the american statistical association},
  volume={90},
  number={430},
  pages={577--588},
  year={1995},
  publisher={Taylor \& Francis}
}
@ARTICLE{HDP, crossref = {teh2006hierarchical} }
@article{teh2006hierarchical,
  title={Hierarchical dirichlet processes},
  author={Teh, Yee Whye and Jordan, Michael I and Beal, Matthew J and Blei, David M},
  journal={Journal of the american statistical association},
  volume={101},
  number={476},
  year={2006}
}

@article{goldenberg2010survey,
    title={A survey of statistical network models},
    author={Goldenberg, Anna and Zheng, Alice X and Fienberg, Stephen E and Airoldi, Edoardo M},
    journal={Foundations and Trends{\textregistered} in Machine Learning},
    volume={2},
    number={2},
    pages={129--233},
    year={2010},
    publisher={Now Publishers Inc.}
}
@ARTICLE{IRM, crossref = {kemp2006learning} }
@inproceedings{kemp2006learning,
    title={Learning systems of concepts with an infinite relational model},
    author={Kemp, Charles and Tenenbaum, Joshua B and Griffiths, Thomas L and Yamada, Takeshi and Ueda, Naonori},
    booktitle={AAAI},
    volume={3},
    pages={5},
    year={2006}
}
@ARTICLE{IHRM, crossref = {xu2012infinite} }
@article{xu2012infinite,
  title={Infinite hidden relational models},
  author={Xu, Zhao and Tresp, Volker and Yu, Kai and Kriegel, Hans-Peter},
  journal={arXiv preprint arXiv:1206.6864},
  year={2012}
}
@ARTICLE{MMSB, crossref = {airoldi2009mixed} }
@inproceedings{airoldi2009mixed,
  title={Mixed membership stochastic blockmodels},
  author={Airoldi, Edoardo M and Blei, David M and Fienberg, Stephen E and Xing, Eric P},
  booktitle={Advances in Neural Information Processing Systems},
  pages={33--40},
  year={2009}
}

@ARTICLE{IMRM, crossref = {morup2011infinite} }
@inproceedings{morup2011infinite,
  title={Infinite multiple membership relational modeling for complex networks},
  author={M{\o}rup, Morten and Schmidt, Mikkel N and Hansen, Lars Kai},
  booktitle={Machine Learning for Signal Processing (MLSP), 2011 IEEE International Workshop on},
  pages={1--6},
  year={2011},
  organization={IEEE}
}
@ARTICLE{iMMSB, crossref = {koutsourelakis2008finding} }
@inproceedings{koutsourelakis2008finding,
  title={Finding Mixed-Memberships in Social Networks.},
  author={Koutsourelakis, Phaedon-Stelios and Eliassi-Rad, Tina},
  booktitle={AAAI Spring Symposium: Social Information Processing},
  pages={48--53},
  year={2008}
}
@ARTICLE{diMMSB, crossref = {fan2013dynamic} }
@article{fan2013dynamic,
  title={Dynamic Infinite Mixed-Membership Stochastic Blockmodel.},
  author={Fan, Xuhui and Cao, Longbing and Xu, RY and Yi, Richard},
  journal={arXiv preprint arXiv:1306.2999},
  year={2013}
}
@ARTICLE{ferguson_dp, crossref = {ferguson1973bayesian} }
@article{ferguson1973bayesian,
title={A Bayesian analysis of some nonparametric problems},
author={Ferguson, Thomas S},
journal={The annals of statistics},
pages={209--230},
year={1973},
publisher={JSTOR}
}
@ARTICLE{yyt_dp, crossref = {teh2010dirichlet} }
@incollection{teh2010dirichlet,
title={Dirichlet process},
author={Teh, Yee Whye},
booktitle={Encyclopedia of machine learning},
pages={280--287},
year={2010},
publisher={Springer}
}
@article{antoniak1974mixtures,
title={Mixtures of Dirichlet processes with applications to Bayesian nonparametric problems},
author={Antoniak, Charles E},
journal={The annals of statistics},
pages={1152--1174},
year={1974},
publisher={JSTOR}
}
@ARTICLE{DCA, crossref = {buntine2006discrete} }
@incollection{buntine2006discrete,
    title={Discrete component analysis},
    author={Buntine, Wray and Jakulin, Aleks},
    booktitle={Subspace, Latent Structure and Feature Selection},
    pages={1--33},
    year={2006},
    publisher={Springer}
}

%%% From Christine pp.

@article{mcpherson2001birds,
  title={Birds of a feather: Homophily in social networks},
  author={McPherson, Miller and Smith-Lovin, Lynn and Cook, James M},
  journal={Annual review of sociology},
  pages={415--444},
  year={2001},
  publisher={JSTOR}
}
@article{lazarsfeld1954friendship,
  title={Friendship as a social process: A substantive and methodological analysis},
  author={Lazarsfeld, Paul F and Merton, Robert K and others},
  journal={Freedom and control in modern society},
  volume={18},
  number={1},
  pages={18--66},
  year={1954}
}
@inproceedings{la2010randomization,
  title={Randomization tests for distinguishing social influence and homophily effects},
  author={La Fond, Timothy and Neville, Jennifer},
  booktitle={Proceedings of the 19th international conference on World wide web},
  pages={601--610},
  year={2010},
  organization={ACM}
}
@article{barabasi1999emergence,
  title={Emergence of scaling in random networks},
  author={Barab{\'a}si, Albert-L{\'a}szl{\'o} and Albert, R{\'e}ka},
  journal={science},
  volume={286},
  number={5439},
  pages={509--512},
  year={1999},
  publisher={American Association for the Advancement of Science}
}
@article{church1995poisson,
  title={Poisson mixtures},
  author={Church, Kenneth W and Gale, William A},
  journal={Natural Language Engineering},
  volume={1},
  number={02},
  pages={163--190},
  year={1995},
  publisher={Cambridge Univ Press}
}
@incollection{clinchant2008bnb,
  title={The BNB distribution for text modeling},
  author={Clinchant, St{\'e}phane and Gaussier, Eric},
  booktitle={Advances in Information Retrieval},
  pages={150--161},
  year={2008},
  publisher={Springer}
}
@inproceedings{clinchant2010information,
  title={Information-based models for ad hoc IR},
  author={Clinchant, St{\'e}phane and Gaussier, Eric},
  booktitle={Proceedings of the 33rd international ACM SIGIR conference on Research and development in information retrieval},
  pages={234--241},
  year={2010},
  organization={ACM}
}
@ARTICLE{ILAM, crossref = {palla2012infinite} }
@article{palla2012infinite,
    title={An infinite latent attribute model for network data},
    author={Palla, Konstantina and Knowles, David and Ghahramani, Zoubin},
    journal={arXiv preprint arXiv:1206.6416},
    year={2012}
}
@ARTICLE{EMMSB, crossref = {gopalan2013efficient} }
@article{gopalan2013efficient,
    title={Efficient discovery of overlapping communities in massive networks},
    author={Gopalan, Prem K and Blei, David M},
    journal={Proceedings of the National Academy of Sciences},
    volume={110},
    number={36},
    pages={14534--14539},
    year={2013},
    publisher={National Acad Sciences}
}
@ARTICLE{MMM, crossref = {airoldi2014handbook} }
@book{airoldi2014handbook,
    title={Handbook of Mixed Membership Models and Their Applications},
    author={Airoldi, Edoardo M and Blei, David and Erosheva, Elena A and Fienberg, Stephen E},
    year={2014},
    publisher={CRC Press}
}
