@manual{cognitive_radio,
    title        = "Cognitive Radio: An Integrated Agent Architecture for Software Defined Radio",
    note     = "PhD dissertation in which cognitive radio architecture was first defined in detail \\\url{http://www.it.kth.se/~maguire/jmitola/Mitola_Dissertation8_Integrated.pdf}",
    organization = "Royal Institute of Technology (KTH) Stockholm, Sweden",
    year = {2000},
    month = {may},
    author  = "Joseph Mitola III"
}
@manual{shannon,
    title        = "A Mathematical Theory of Communication",
    note     = "\url{http://pespmc1.vub.ac.be/books/Shannon-TheoryComm.pdf}",
    organization = "Bell System Technical Journal",
    year = {1948},
    month = {July and October},
    author  = "Claude E. Shannon"
}

@article{orbanz2015bayesian,
    title={Bayesian models of graphs, arrays and other exchangeable random structures},
    author={Orbanz, Peter and Roy, Daniel M},
    journal={IEEE transactions on pattern analysis and machine intelligence},
    volume={37},
    number={2},
    pages={437--461},
    year={2015},
    publisher={IEEE}
}
